@article{jameson,
author = {Jameson,G. J. O.},
title = {A simple proof of {S}tirling's formula for the {G}amma function},
journal = {The Mathematical Gazette},
volume = {99},
issue = {544},
month = {3},
month = {3},
year = {2015},
issn = {2056-6328},
pages = {68--74},
numpages = {7},
doi = {10.1017/mag.2014.9},
URL = {http://journals.cambridge.org/article_S0025557215007676},
}
