@INPROCEEDINGS{BohrerCPP17,
  author    = {Brandon Bohrer and
               Vincent Rahli and
               Ivana Vukotic and
               Marcus V{\"o}lp and
               Andr{\'e} Platzer},
  title     = {Formally Verified Differential Dynamic Logic},
  pages     = {208-221},
  year      = {2017},
  editor    = {Yves Bertot and
               Viktor Vafeiadis},
  booktitle = {Certified Programs and Proofs -
               6th ACM SIGPLAN Conference, CPP 2017,
               Paris, France, January 16-17, 2017},
  publisher = {{ACM}},
}