@Unpublished{gouezel_karlsson,
  Title                    = {Subadditive and multiplicative ergodic theorems},
  Author                   = {Gou{\"e}zel, S{\'e}bastien and Karlsson, Anders},
  Note                     = {preprint},
  Year                     = {2015},

  Keywords                 = {gouezel}
}
