@misc{cichon,
  author = "Jacek Cicho\'{n}",
  title = "{Q}uick {S}ort -- Average Complexity",
  url = "http://cs.pwr.edu.pl/cichon/Math/QSortAvg.pdf"
}

@article{hoare,
author = {Hoare, C. A. R.},
title = {Quicksort},
journal = {The Computer Journal},
volume = {5},
number = {1},
pages = {10},
year = {1962},
doi = {10.1093/comjnl/5.1.10},
URL = {http://dx.doi.org/10.1093/comjnl/5.1.10}
}

@article{sedgewick,
 author = {Sedgewick, Robert},
 title = {The Analysis of {Q}uicksort Programs},
 journal = {Acta Inf.},
 issue_date = {December 1977},
 volume = {7},
 number = {4},
 month = dec,
 year = {1977},
 issn = {0001-5903},
 pages = {327--355},
 numpages = {29},
 url = {http://dx.doi.org/10.1007/BF00289467},
 doi = {10.1007/BF00289467},
 publisher = {Springer-Verlag New York, Inc.},
 address = {Secaucus, NJ, USA},
} 
