@book{newman1998analytic,
  title={{A}nalytic {N}umber {T}heory},
  author={Newman, D.J.},
  number={177},
  isbn={9780387983080},
  lccn={97026431},
  series={Graduate Texts in Mathematics},
  year={1998},
  doi = {10.1007/b98872},
  publisher={Springer}
}

@ARTICLE{harrison2009pnt,
        author          = "John Harrison",
        title           = "Formalizing an analytic proof of the {P}rime
                           {N}umber {T}heorem (Dedicated to {M}ike {G}ordon on
                           the occasion of his 60th birthday)",
        journal         = "Journal of Automated Reasoning",
        year            = 2009,
        volume          = 43,
        pages           = "243--261"}
