@misc{Shoup2004IACR,
  author = {Victor Shoup},
  title = {Sequences of Games: A tool for taming complexity in security proofs},
  howpublished = {Cryptology ePrint Archive, Report 2004/332},
  year = {2004},
}

@inproceedings{Lochbihler2016ESOP,
  author = {Andreas Lochbihler},
  title = {Probabilistic Functions and Cryptographic Oracles in Higher Order Logic},
  editor = {Peter Thiemann},
  booktitle = {Programming Languages and Systems (ESOP 2016)},
  volume = 9632,
  series = {LNCS},
  year = 2016,
  publisher = {Springer},
  pages = {503--531},
  doi = {10.1007/978-3-662-49498-1_20},
}

@inproceedings{BellareRogaway2006EUROCRYPT,
  author = {Mihir Bellare and Phillip Rogaway},
  title = {The Security of Triple Encryption and a Framework for Code-Based Game-Playing Proofs},
  editor_long = {Serge Vaudenay},
  booktitle_long = {Advances in Cryptology (EUROCRYPT 2006)},
  booktitle = {EUROCRYPT 2006},
  year = {2006},
  volume = {4004},
  series = {LNCS},
  doi = {10.1007/11761679_25},
  publisher = {Springer},
  pages = {409--426},
}

@inproceedings{BellareBoldyrevaMicali2000EUROCRYPT,
  author = {Mihir Bellare and Alexandra Boldyreva and Silvio Micali},
  title = {Public-Key Encryption in a Multi-user Setting: Security Proofs and Improvements},
  editor = {Bart Preneel},
  booktitle = {Advances in Cryptology (EUROCRYPT 2000)},
  year = {2000},
  volume = {1807},
  series = {Lecture Notes in Computer Science},
  doi = {10.1007/3-540-45539-6_18},
  publisher = {Springer Berlin Heidelberg},
  pages = {259--274},
}

@inproceedings{PetcherMorrisett2015POST,
  author = {Adam Petcher and Greg Morrisett},
  title = {The Foundational Cryptography Framework},
  editor_long = {Riccardo Focardi and Andrew Myers},
  booktitle_long = {Principles of Security and Trust (POST 2015)},
  booktitle = {POST 2015},
  year = {2015},
  volume = {9036},
  series = {LNCS},
  doi = {10.1007/978-3-662-46666-7_4},
  publisher = {Springer},
  pages = {53--72},
}