@book{Okasaki,author="Chris Okasaki",title="Purely Functional Data Structures",
publisher="Cambridge University Press",year=1998}

@article{SleatorT-JACM85,author={Daniel D. Sleator and Robert E. Tarjan},
title={Self-adjusting Binary Search Trees},journal={J. ACM},
volume=32,number=3,pages={652-686},year=1985}
