@MastersThesis{bentkamp2016,
    author     =     {Alexander Bentkamp},
    title     =     {{An Isabelle Formalization of the Expressiveness of Deep Learning}},
    school     =     {Universit\"at des Saarlandes},
    year     =     {2016},
    }

@article{cohen2015,
  title={On the Expressive Power of Deep Learning: A Tensor Analysis},
  author={Cohen, Nadav and Sharir, Or and Shashua, Amnon}
}

