@article{extendrd,
title = "The impossibility of extending {R}andom {D}ictatorship to weak preferences",
journal = "Economics Letters",
volume = "141",
pages = "pp. 44 -- 47",
year = "2016",
issn = "0165-1765",
doi = "http://dx.doi.org/10.1016/j.econlet.2016.01.028",
url = "http://www.sciencedirect.com/science/article/pii/S0165176516300209",
author = "Florian Brandl and Felix Brandt and Warut Suksompong"
}

@article{smt,
title = "Proving the incompatibility of {E}fficiency and {S}trategyproofness via {SMT} solving",
author = "Florian Brandl and Felix Brandt and Christian Geist",
journal = "Proceedings of the 25th International Joint Conference on Artificial Intelligence (IJCAI)",
year = "2016",
note = "Forthcoming"
}

@inproceedings{BSS17a,
	Annote = {Acceptance rate: 25\%},
	Author = {F. Brandt and C. Saile and C. Stricker},
	Booktitle = proc # {17th} # aamas,
	Date-Added = {2017-11-17 10:10:31 +0000},
	Date-Modified = {2018-01-25 13:50:25 +0000},
	Keywords = {strategyproof_irresolute, conference},
	Note = ta,
	Pdf = path # {stratset.pdf},
	Publisher = {IFAAMAS},
	Title = {Voting with Ties: {S}trong Impossibilities via {SAT} Solving},
	Venue = {http://celweb.vuse.vanderbilt.edu/aamas18/},
	Year = {2018}}