@article{Sternagel2010,
  author  = {Christian Sternagel and Ren\'e Thiemann},
  title   = {{Executable Multivariate Polynomials}},
  journal = {Archive of Formal Proofs},
  year    = {2010},
  note    = {\url{http://isa-afp.org/entries/Polynomials.shtml},
            Formal proof development},
  ISSN    = {2150-914x}
}
